@article{feynman_1992_theres,
  author = {Feynman, Richard P.},
  month = {03},
  pages = {60-66},
  title = {There's plenty of room at the bottom [data storage]},
  doi = {10.1109/84.128057},
  url = {http://web.pa.msu.edu/people/yang/RFeynman_plentySpace.pdf},
  volume = {1},
  year = {1992},
  journal = {Journal of Microelectromechanical Systems}
}

@phdthesis{isaiafilho_2004_uma,
  author = {Isaia Filho, Eduardo},
  month = {09},
  pages = {1-83},
  title = {Uma metodologia para computação com DNA},
  doi = {http://hdl.handle.net/10183/16662},
  url = {https://www.lume.ufrgs.br/handle/10183/16662},
  year = {2004},
  organization = {www.lume.ufrgs.br}
}

@misc{problemas,
  title = {Problemas NP-completos},
  url = {https://www.ime.usp.br/~pf/analise_de_algoritmos/aulas/NPcompleto.html},
  organization = {www.ime.usp.br}
}

@article{conrad_1985_on,
  author = {Conrad, Michael},
  month = {05},
  pages = {464-480},
  title = {On design principles for a molecular computer},
  doi = {10.1145/3532.3533},
  urldate = {2022-04-29},
  volume = {28},
  year = {1985},
  journal = {Communications of the ACM}
}

@article{bennett_1982_the,
  author = {Bennett, Charles H.},
  month = {12},
  pages = {905-940},
  title = {The thermodynamics of computation—a review},
  doi = {10.1007/bf02084158},
  urldate = {2021-04-04},
  volume = {21},
  year = {1982},
  journal = {International Journal of Theoretical Physics}
}

@article{gibbons_1997,
author = {Gibbons, Alan and Amos, Martyn and Hodgson, David},
year = {1997},
month = {03},
pages = {103-6},
title = {DNA computing},
volume = {8},
journal = {Current opinion in biotechnology},
doi = {10.1016/S0958-1669(97)80164-4}
}

@phdthesis{leal_2002_uma,
  author = {Leal, Liara Aparecida dos Santos},
  title = {Uma fundamentação teórica para a complexidade estrutural de problemas de otimização},
  url = {https://lume.ufrgs.br/handle/10183/4144},
  urldate = {2022-04-29},
  year = {2002},
  organization = {lume.ufrgs.br}
}

@article{adleman_1994_molecular,
  author = {Adleman, L.},
  month = {11},
  pages = {1021-1024},
  title = {Molecular computation of solutions to combinatorial problems},
  doi = {10.1126/science.7973651},
  url = {https://science.sciencemag.org/content/266/5187/1021/tab-pdf},
  urldate = {2019-11-14},
  volume = {266},
  year = {1994},
  journal = {Science}
}

@book{szwarcfiter_2018_teoria,
  author = {Szwarcfiter, Jayme Luiz and Oliveira, Fabiano S. and Pinto, Paulo E.D.},
  pages = {1-437},
  publisher = {Elsevier},
  title = {TEORIA COMPUTACIONAL DE GRAFOS: Os Algoritmos},
  year = {2018}
}

@article{conrad_1982_molecular,
  author = {Conrad, Michael and Liberman, E. A.},
  month = {09},
  pages = {239–252},
  title = {Molecular computing as a link between biological and physical theory},
  doi = {10.1016/0022-5193(82)90262-4},
  url = {https://www.sciencedirect.com/science/article/abs/pii/0022519382902624},
  urldate = {2022-04-29},
  volume = {98},
  year = {1982},
  journal = {Journal of Theoretical Biology}
}